@article{pyle2019,
  title={A reservoir computing model of reward-modulated motor learning and automaticity},
  author={Pyle, Ryan and Rosenbaum, Robert},
  journal={Neural computation},
  volume={31},
  number={7},
  pages={1430--1461},
  year={2019},
  publisher={MIT Press},
  url={https://direct.mit.edu/neco/article/31/7/1430/8496/A-Reservoir-Computing-Model-of-Reward-Modulated},
  DOI={10.1162/neco_a_01198}
}



@article{sussillo2009,
  title={Generating coherent patterns of activity from chaotic neural networks},
  author={Sussillo, David and Abbott, Larry F},
  journal={Neuron},
  volume={63},
  number={4},
  pages={544--557},
  year={2009},
  publisher={Elsevier}
}

@article{hoerzer2014,
  title={Emergence of complex computational structures from chaotic neural networks through reward-modulated Hebbian learning},
  author={Hoerzer, Gregor M and Legenstein, Robert and Maass, Wolfgang},
  journal={Cerebral cortex},
  volume={24},
  number={3},
  pages={677--690},
  year={2014},
  publisher={Oxford University Press}
}

@article{brainard2002,
  title={What songbirds teach us about learning},
  author={Brainard, Michael S and Doupe, Allison J},
  journal={Nature},
  volume={417},
  number={6886},
  pages={351--358},
  year={2002},
  publisher={Nature Publishing Group}
}

@article{olveczky2011,
  title={Changes in the neural control of a complex motor sequence during learning},
  author={{\"O}lveczky, Bence P and Otchy, Timothy M and Goldberg, Jesse H and Aronov, Dmitriy and Fee, Michale S},
  journal={Journal of neurophysiology},
  volume={106},
  number={1},
  pages={386--397},
  year={2011},
  publisher={American Physiological Society Bethesda, MD}
}

@article{matsumoto1998,
  title={Mersenne twister: a 623-dimensionally equidistributed uniform pseudo-random number generator},
  author={Matsumoto, Makoto and Nishimura, Takuji},
  journal={ACM transactions on modeling and computer simulation (TOMACS)},
  volume={8},
  number={1},
  pages={3--30},
  year={1998},
  publisher={ACM New York, NY, USA}
}
